%% This BibTeX bibliography file was created using BibDesk.
%% http://bibdesk.sourceforge.net/


%% Created for Shane McCarthy at 2015-04-25 15:02:43 +0100 


%% Saved with string encoding Unicode (UTF-8) 



@article{fuchsberger2014minimac2,
	Author = {Fuchsberger, Christian and Abecasis, Gon{\c{c}}alo R and Hinds, David A},
	Date-Added = {2015-04-25 14:02:14 +0000},
	Date-Modified = {2015-04-25 14:02:14 +0000},
	Journal = {Bioinformatics},
	Pages = {btu704},
	Publisher = {Oxford Univ Press},
	Title = {minimac2: faster genotype imputation},
	Year = {2014}}

@article{wang2013integrative,
	Author = {Wang, Yi and Lu, James and Yu, Jin and Gibbs, Richard A and Yu, Fuli},
	Date-Added = {2015-04-16 12:21:05 +0000},
	Date-Modified = {2015-04-16 12:21:05 +0000},
	Journal = {Genome Research},
	Number = {5},
	Pages = {833--842},
	Publisher = {Cold Spring Harbor Lab},
	Title = {{An integrative variant analysis pipeline for accurate genotype/haplotype inference in population NGS data}},
	Volume = {23},
	Year = {2013}}

@article{durbin2014efficient,
	Author = {Durbin, Richard},
	Date-Added = {2015-04-16 09:41:15 +0000},
	Date-Modified = {2015-04-16 09:41:15 +0000},
	Journal = {Bioinformatics},
	Number = {9},
	Pages = {1266--1272},
	Publisher = {Oxford Univ Press},
	Title = {{Efficient haplotype matching and storage using the positional Burrows--Wheeler transform (PBWT)}},
	Volume = {30},
	Year = {2014}}

@article{delaneau2013improved,
	Author = {Delaneau, Olivier and Zagury, Jean-Francois and Marchini, Jonathan},
	Date-Added = {2015-04-16 09:40:26 +0000},
	Date-Modified = {2015-04-16 09:40:26 +0000},
	Journal = {Nature Methods},
	Number = {1},
	Pages = {5--6},
	Publisher = {Nature Publishing Group},
	Title = {Improved whole-chromosome phasing for disease and population genetic studies},
	Volume = {10},
	Year = {2013}}